<?xml version="1.0" encoding="UTF-8"?>
<marc:collection xmlns:marc="http://www.loc.gov/MARC21/slim" xmlns:xsi="http://www.w3.org/2001/XMLSchema-instance" xsi:schemaLocation="http://www.loc.gov/MARC21/slim http://www.loc.gov/standards/marcxml/schema/MARC21slim.xsd">
   <marc:record type="Bibliographic">
      <marc:leader>02375cam a2200433 a 4500</marc:leader>
      <marc:controlfield tag="001">316765</marc:controlfield>
      <marc:controlfield tag="003">NjP</marc:controlfield>
      <marc:controlfield tag="005">20160627234119.0</marc:controlfield>
      <marc:controlfield tag="008">860715s1934    mr            000 0 ara d</marc:controlfield>
      <marc:datafield tag="024" ind1="7" ind2=" ">
         <marc:subfield code="a">princeton_aco001249</marc:subfield>
         <marc:subfield code="2">local</marc:subfield>
      </marc:datafield>
      <marc:datafield tag="035" ind1=" " ind2=" ">
         <marc:subfield code="a">(OCoLC)80493348</marc:subfield>
      </marc:datafield>
      <marc:datafield tag="035" ind1=" " ind2=" ">
         <marc:subfield code="a">(OCoLC)ocn175691718</marc:subfield>
      </marc:datafield>
      <marc:datafield tag="035" ind1=" " ind2=" ">
         <marc:subfield code="a">(OCoLC)175691718</marc:subfield>
      </marc:datafield>
      <marc:datafield tag="035" ind1=" " ind2=" ">
         <marc:subfield code="a">(CStRLIN)NJPG86-B28558</marc:subfield>
      </marc:datafield>
      <marc:datafield tag="035" ind1=" " ind2=" ">
         <marc:subfield code="9">ABP2068TS</marc:subfield>
      </marc:datafield>
      <marc:datafield tag="035" ind1=" " ind2=" ">
         <marc:subfield code="a">(NjP)316765</marc:subfield>
      </marc:datafield>
      <marc:datafield tag="040" ind1=" " ind2=" ">
         <marc:subfield code="a">NjP</marc:subfield>
         <marc:subfield code="c">PUL</marc:subfield>
         <marc:subfield code="d">PUL</marc:subfield>
      </marc:datafield>
      <marc:datafield tag="043" ind1=" " ind2=" ">
         <marc:subfield code="a">f-mr---</marc:subfield>
      </marc:datafield>
      <marc:datafield tag="049" ind1=" " ind2=" ">
         <marc:subfield code="a">PULL</marc:subfield>
      </marc:datafield>
      <marc:datafield tag="079" ind1=" " ind2=" ">
         <marc:subfield code="a">ocm80493348</marc:subfield>
      </marc:datafield>
      <marc:datafield tag="100" ind1="1" ind2=" ">
         <marc:subfield code="6">880-01</marc:subfield>
         <marc:subfield code="a">ʻAbd Allāh, Ibrāhīm,</marc:subfield>
         <marc:subfield code="d">1917-</marc:subfield>
         <marc:subfield code="0">(uri)http://id.loc.gov/authorities/names/nr90009688</marc:subfield>
      </marc:datafield>
      <marc:datafield tag="245" ind1="1" ind2="0">
         <marc:subfield code="6">880-02</marc:subfield>
         <marc:subfield code="a">Kāshif al-albās ʻan fayḍat al-khatm Abī al-ʻAbbās ; Tadhyīl Kāshif al-albās ʻan fayḍat al-khatm Abī al-ʻAbbās /</marc:subfield>
         <marc:subfield code="c">li-muʼallifihi Bin al-Shaykh al-Ḥājj ʻIbd Allāh Ibrāhīm.</marc:subfield>
      </marc:datafield>
      <marc:datafield tag="250" ind1=" " ind2=" ">
         <marc:subfield code="6">880-03</marc:subfield>
         <marc:subfield code="a">al-Ṭabʻah 1.</marc:subfield>
      </marc:datafield>
      <marc:datafield tag="260" ind1=" " ind2=" ">
         <marc:subfield code="6">880-04</marc:subfield>
         <marc:subfield code="a">al-Dār al-Bayḍāʼ, al-Maghrib :</marc:subfield>
         <marc:subfield code="b">al-Maṭbaʻah al-ʻArabīyah,</marc:subfield>
         <marc:subfield code="c">1353 [1934 or 1935]</marc:subfield>
      </marc:datafield>
      <marc:datafield tag="300" ind1=" " ind2=" ">
         <marc:subfield code="a">13, 98, 93 p. ;</marc:subfield>
         <marc:subfield code="c">26 cm.</marc:subfield>
      </marc:datafield>
      <marc:datafield tag="500" ind1=" " ind2=" ">
         <marc:subfield code="a">No collective t.p.; titles transcribed from individual title pages.</marc:subfield>
      </marc:datafield>
      <marc:datafield tag="650" ind1=" " ind2="0">
         <marc:subfield code="6">880-05</marc:subfield>
         <marc:subfield code="a">Tijānīyah</marc:subfield>
         <marc:subfield code="z">Morocco.</marc:subfield>
      </marc:datafield>
      <marc:datafield tag="700" ind1="1" ind2="2">
         <marc:subfield code="6">880-06</marc:subfield>
         <marc:subfield code="a">ʻAbd Allāh, Ibrāhīm,</marc:subfield>
         <marc:subfield code="d">1917-</marc:subfield>
         <marc:subfield code="t">Tadhyīl Kāshif al-albās ʻan fayḍat al-khatm Abī al-ʻAbbās.</marc:subfield>
         <marc:subfield code="f">1934.</marc:subfield>
         <marc:subfield code="0">(uri)http://id.loc.gov/authorities/names/nr90009688</marc:subfield>
      </marc:datafield>
      <marc:datafield tag="740" ind1="0" ind2=" ">
         <marc:subfield code="6">880-07</marc:subfield>
         <marc:subfield code="a">Tadhyīl Kāshif al-albās ʻan fayḍat al-khatm Abī al-ʻAbbās.</marc:subfield>
      </marc:datafield>
      <marc:datafield tag="880" ind1="1" ind2=" ">
         <marc:subfield code="6">100-01/r</marc:subfield>
         <marc:subfield code="a">عبد الله، ابراهيم،</marc:subfield>
         <marc:subfield code="d">1917-</marc:subfield>
      </marc:datafield>
      <marc:datafield tag="880" ind1="1" ind2="0">
         <marc:subfield code="6">245-02/r</marc:subfield>
         <marc:subfield code="a">كاشف الالباس عن فيضة الختم ابي العباس ؛ تذييل كاشف الالباس عن فيضة الختم ابي العباس /</marc:subfield>
         <marc:subfield code="c">لمؤلفه بن الشيخ الحاج عبد الله ابراهيم.</marc:subfield>
      </marc:datafield>
      <marc:datafield tag="880" ind1=" " ind2=" ">
         <marc:subfield code="6">250-03/r</marc:subfield>
         <marc:subfield code="a">الطبعة 1.</marc:subfield>
      </marc:datafield>
      <marc:datafield tag="880" ind1=" " ind2=" ">
         <marc:subfield code="6">260-04/r</marc:subfield>
         <marc:subfield code="a">الدار البيضاء، المغرب :</marc:subfield>
         <marc:subfield code="b">المطبعة العربية،</marc:subfield>
         <marc:subfield code="c">1353 [1934 or 1935]</marc:subfield>
      </marc:datafield>
      <marc:datafield tag="880" ind1=" " ind2="0">
         <marc:subfield code="6">650-05/r</marc:subfield>
         <marc:subfield code="a">تجانية</marc:subfield>
         <marc:subfield code="z">Morocco..</marc:subfield>
      </marc:datafield>
      <marc:datafield tag="880" ind1="1" ind2="2">
         <marc:subfield code="6">700-06/r</marc:subfield>
         <marc:subfield code="a">عبد الله، ابراهيم،</marc:subfield>
         <marc:subfield code="d">1917-</marc:subfield>
         <marc:subfield code="t">تذييل كاشف الالباس عن فيضة الختم ابي العباس.</marc:subfield>
         <marc:subfield code="f">1934.</marc:subfield>
      </marc:datafield>
      <marc:datafield tag="880" ind1="0" ind2=" ">
         <marc:subfield code="6">740-07/r</marc:subfield>
         <marc:subfield code="a">تذييل كاشف الالباس عن فيضة الختم ابي العباس.</marc:subfield>
      </marc:datafield>
      <marc:datafield tag="998" ind1=" " ind2=" ">
         <marc:subfield code="a">11/05/90</marc:subfield>
         <marc:subfield code="s">9118</marc:subfield>
         <marc:subfield code="n">NjP</marc:subfield>
         <marc:subfield code="w">NJPG86B28558</marc:subfield>
         <marc:subfield code="d">07/15/86</marc:subfield>
         <marc:subfield code="c">JEB</marc:subfield>
         <marc:subfield code="b">JEB</marc:subfield>
         <marc:subfield code="i">901105</marc:subfield>
         <marc:subfield code="l">NJPG</marc:subfield>
      </marc:datafield>
      <marc:datafield tag="911" ind1=" " ind2=" ">
         <marc:subfield code="a">19921028</marc:subfield>
      </marc:datafield>
      <marc:datafield tag="912" ind1=" " ind2=" ">
         <marc:subfield code="a">19910104000000.0</marc:subfield>
      </marc:datafield>
      <marc:datafield tag="994" ind1=" " ind2=" ">
         <marc:subfield code="a">C0</marc:subfield>
         <marc:subfield code="b">PUL</marc:subfield>
      </marc:datafield>
      <marc:datafield tag="999" ind1=" " ind2=" ">
         <marc:subfield code="a">316765</marc:subfield>
      </marc:datafield>
   </marc:record>
</marc:collection>
